@book{DeepLearningWithPython,
    author={Francois Chollet},
    title={Deep Learning With Python},
    publisher={Manning Publications Co.},
    year={2018}
}

@article{Group1,
    author={Lianzhi Tan and Kaipeng Zhang and Kai Wang and Xiaoxing Zeng},
    title={Group emotion recognition with individual facial emotion CNNs and global image based CNNs},
    year={2017}
}

@article{Group2,
    author={Luca Surace and Massimiliano Patacchiola and Elena Battini Sőnmez and William Spataro},
    title={Emotion recognition in the wild using deep neural networks and Bayesian classifiers},
    year={2017}
}

@article{Group3,
    author={Aleksandra Cerekovic},
    title={A deep look into group happiness prediction from images},
    year={2016}
}

@article{Group4,
    author={Bo Sun and Qinglan Wei and Liandong Li and Qihua Xu},
    title={LSTM for Dynamic Emotion and Group Emotion Recognition in the Wild},
    year={2016}
}

@article{SGarg,
    author={Samanyou Garg},
    title={Group Emotion Recognition Using Machine Learning},
    year={2019}
}

@article{GAD,
    author={Abhinav Dhall and Jyoti Joshi and Karan Sikka and Roland Goecke and Nicu Sebe},
    title={The More the Merrier: Analysing the Affect of a Group of People in Images},
    journal={IEEE FG},
    year={2015}
}

@article{EmotiwSummary,
    author={Abhinav Dhall and Jyoti Joshi and Roland Goecke and Tom Gedeon and Michael Wagner},
    title={Emotion Recognition In The Wild Challenge (EmotiW) challenge and workshop summary},
    year={2013},
    DOI={https://dl.acm.org/doi/10.1145/2522848.2531749}
}

@article{BoW,
    author={Ana C. Murillo and Iljung S. Kwak and Lubomir Bourdev and David J. Kriegman and Serge Belongie},
    title={Urban tribes: Analyzing group photos from a social perspective},
    year={2012},
    journal={Proceedings of the IEEE Conference on Computer Vision and Pattern Recognition and Workshops (CVPRW)}
}

@article{GIST,
    author={Aude Oliva and Antonio Torralba},
    title={Modeling the shape of the scene: A holistic representation of the spatial envelope},
    year={2001},
    journal={International journal of computer vision}
}

@article{CENTRIST,
    author={Jianxin Wu and Jim M. Rehg},
    title={Centrist: A visual descriptor for scene categorization},
    year={2011},
    journal={IEEE Transactions on Pattern Analysis and Machine Intelligence}
}

@article{MKL,
    author={Serhat Bucak and Rong Jin and Anil K. Jain},
    title={Multi-label multiple kernel learning by stochastic approximation: Application to visual object recognition},
    year={2010},
    journal={Advances in Neural Information Processing Systems}
}

@misc{EmotiwPage,
    title={Emotion Recognition in the Wild Challenge (EmotiW)},
    howpublished={Strona: \url{https://sites.google.com/view/emotiw2018}},
    url={https://sites.google.com/view/emotiw2018},
    year={2021},
    month={01}
}

@misc{Python,
    title={Python},
    howpublished={Strona główna: \url{https://www.python.org/}},
    url={https://www.python.org/},
    year={2021},
    month={01}
}

@misc{Keras,
    title={Keras},
    howpublished={Strona główna: \url{https://keras.io/}},
    url={https://keras.io/},
    year={2021},
    month={01}
}

@misc{TensorFlow,
    title={TensorFlow},
    howpublished={Strona główna: \url{https://www.tensorflow.org/}},
    url={https://www.tensorflow.org/},
    year={2021},
    month={01}
}

@misc{Theano,
    title={Theano},
    howpublished={Repozytorium: \url{https://github.com/Theano/Theano}},
    url={https://github.com/Theano/Theano},
    year={2021},
    month={01}
}

@misc{CNTK,
    title={Microsoft Cognitive Toolkit},
    howpublished={Dokumentacja: \url{https://docs.microsoft.com/en-us/cognitive-toolkit/}},
    url={https://docs.microsoft.com/en-us/cognitive-toolkit/},
    year={2021},
    month={01}
}

@misc{Eigen,
    title={Eigen},
    howpublished={Strona główna: \url{http://eigen.tuxfamily.org/}},
    url={http://eigen.tuxfamily.org/},
    year={2021},
    month={01}
}

@misc{cuDNN,
    title={NVIDIA CUDA Deep Neural Network},
    howpublished={Strona główna: \url{https://developer.nvidia.com/cudnn}},
    url={https://developer.nvidia.com/cudnn},
    year={2021},
    month={01}
}

@misc{ImageNet,
    title={ImageNet},
    howpublished={Strona główna: \url{http://www.image-net.org/}},
    url={http://www.image-net.org/},
    year={2021},
    month={01}
}

@misc{TDSPretrainedModels,
    title={How to Choose the Best Keras Pre-Trained Model for Image Classification},
    howpublished={\url{https://towardsdatascience.com/how-to-choose-the-best-keras-pre-trained-model-for-image-classification-b850ca4428d4}},
    url={https://towardsdatascience.com/how-to-choose-the-best-keras-pre-trained-model-for-image-classification-b850ca4428d4},
    year={2021},
    month={01}
}

@misc{PythonDownload,
    title={Python},
    howpublished={Do pobrania: \url{https://www.python.org/downloads/}},
    url={https://www.python.org/downloads/},
    year={2021},
    month={01}
}
